<record><leader>00000cas a2200000 a 4500</leader><controlfield tag="001">9625446</controlfield><controlfield tag="008">830620d18271831mauwr ne      0    0eng c</controlfield><datafield ind1=" " ind2=" " tag="010"><subfield code="a">sn 83020885 </subfield></datafield><datafield ind1=" " ind2=" " tag="040"><subfield code="a">NPX</subfield><subfield code="b">eng</subfield><subfield code="c">NPX</subfield><subfield code="d">NPU</subfield><subfield code="d">NPY</subfield><subfield code="d">DLC</subfield><subfield code="d">CNK</subfield><subfield code="d">DLC</subfield><subfield code="d">OCLCQ</subfield><subfield code="d">OCLCF</subfield><subfield code="d">OCLCO</subfield></datafield><datafield ind1="1" ind2=" " tag="029"><subfield code="a">AU@</subfield><subfield code="b">000020420906</subfield></datafield><datafield ind1=" " ind2=" " tag="042"><subfield code="a">pcc</subfield></datafield><datafield ind1=" " ind2=" " tag="043"><subfield code="a">n-us-ma</subfield></datafield><datafield ind1="0" ind2="0" tag="050"><subfield code="a">Newspaper</subfield></datafield><datafield ind1="0" ind2=" " tag="130"><subfield code="a">Argus (Pittsfield, Mass.)</subfield></datafield><datafield ind1="1" ind2="4" tag="245"><subfield code="a">The Argus.</subfield></datafield><datafield ind1=" " ind2=" " tag="260"><subfield code="a">Pittsfield, Mass. :</subfield><subfield code="b">H.K. Strong</subfield></datafield><datafield ind1=" " ind2=" " tag="300"><subfield code="a">v. ;</subfield><subfield code="c">53 cm.</subfield></datafield><datafield ind1=" " ind2=" " tag="310"><subfield code="a">Weekly</subfield></datafield><datafield ind1="1" ind2=" " tag="362"><subfield code="a">Began with May 24, 1827 issue.</subfield><subfield code="z">Cf. Gregory, W. Amer. newspapers.</subfield></datafield><datafield ind1="1" ind2=" " tag="362"><subfield code="a">Ceased with Sept. 1, 1831 issue.</subfield><subfield code="z">Cf. Field, d. Hist. of ... Pittsfield, 1844.</subfield></datafield><datafield ind1=" " ind2=" " tag="500"><subfield code="a">Publisher: S.W. Bush, 1829-1831.</subfield></datafield><datafield ind1=" " ind2=" " tag="500"><subfield code="a">Printer: M. Spooner, &lt;1827&gt;; J.M. Beckwith, &lt;1828-1831&gt;.</subfield></datafield><datafield ind1=" " ind2=" " tag="500"><subfield code="a">Proprietor: S.W. Bush, &lt;1829-1831&gt;.</subfield></datafield><datafield ind1=" " ind2=" " tag="500"><subfield code="a">Published on Tuesday, &lt;1828&gt;; on Thursday, &lt;1828-1831&gt;.</subfield></datafield><datafield ind1=" " ind2=" " tag="500"><subfield code="a">Editors: H.K. Strong, 1828-Mar. 1829; S.W. Bush, 1829-1831.</subfield></datafield><datafield ind1=" " ind2=" " tag="515"><subfield code="a">Vol. 3, no. 9 (July 16, 1829)-v. 4, no. 45 (Apr. 7, 1831) also called 113-201.</subfield></datafield><datafield ind1=" " ind2=" " tag="588"><subfield code="a">Description based on: Vol. 1, no. 27 (Nov. 22, 1827).</subfield></datafield><datafield ind1=" " ind2="0" tag="651"><subfield code="a">Pittsfield (Mass.)</subfield><subfield code="v">Newspapers.</subfield></datafield><datafield ind1=" " ind2="7" tag="655"><subfield code="a">Newspapers.</subfield><subfield code="2">fast</subfield><subfield code="0">(OCoLC)fst01423814</subfield></datafield><datafield ind1=" " ind2="7" tag="651"><subfield code="a">Massachusetts</subfield><subfield code="z">Pittsfield.</subfield><subfield code="2">fast</subfield><subfield code="0">(OCoLC)fst01217528</subfield></datafield><datafield ind1="1" ind2=" " tag="700"><subfield code="a">Strong, Henry K.</subfield></datafield><datafield ind1="1" ind2=" " tag="700"><subfield code="a">Bush, Samuel W.</subfield></datafield><datafield ind1=" " ind2=" " tag="752"><subfield code="a">United States</subfield><subfield code="b">Massachusetts</subfield><subfield code="c">Berkshire</subfield><subfield code="d">Pittsfield.</subfield></datafield><datafield ind1="0" ind2="7" tag="785"><subfield code="t">Berkshire journal (Lenox, Mass.)</subfield><subfield code="w">(DLC)sn 83020891</subfield></datafield><datafield ind1="0" ind2="7" tag="785"><subfield code="t">Journal and Argus (Lenox, Mass.)</subfield><subfield code="w">(DLC)sn 83020892</subfield></datafield></record>